<?xml version="1.0" encoding="UTF-8"?><record xmlns="http://www.loc.gov/MARC21/slim" xmlns:cinclude="http://apache.org/cocoon/include/1.0" xmlns:zs="http://www.loc.gov/zing/srw/">
  <leader>00494nz  a2200133n  4500</leader>
  <controlfield tag="001">no2003108983</controlfield>
  <controlfield tag="003">DLC</controlfield>
  <controlfield tag="005">20031030051844.0</controlfield>
  <controlfield tag="008">031029n| acannaabn          |n aaa     c</controlfield>
  <datafield tag="010" ind1=" " ind2=" ">
    <subfield code="a">no2003108983</subfield>
  </datafield>
  <datafield tag="035" ind1=" " ind2=" ">
    <subfield code="a">(OCoLC)oca06190336</subfield>
  </datafield>
  <datafield tag="040" ind1=" " ind2=" ">
    <subfield code="a">TnLvILS</subfield>
    <subfield code="b">eng</subfield>
    <subfield code="c">TnLvILS</subfield>
  </datafield>
  <datafield tag="100" ind1="1" ind2=" ">
    <subfield code="a">Noel, Darren</subfield>
  </datafield>
  <datafield tag="670" ind1=" " ind2=" ">
    <subfield code="a">Pocket guide to wedding speeches &amp; toasts, 2003:</subfield>
    <subfield code="b">t.p. (Darren Noel) back flap (director and part owner of one of U.K.'s top wedding websites, hitched.co.uk; Darren is 34 and lives in Surrey, Eng.)</subfield>
  </datafield>
</record>